<?xml version="1.0" encoding="UTF-8"?><collection xmlns="http://www.loc.gov/MARC21/slim"><record><leader>00380nam--2200133-i-4500</leader><controlfield tag="001">000047157</controlfield><controlfield tag="002">20161230</controlfield><controlfield tag="005">20161230201046</controlfield><controlfield tag="008">060222s1000------------r-----000-0-eng-d</controlfield><datafield ind1=" " ind2=" " tag="080"><subfield code="a">581.132</subfield></datafield><datafield ind1=" " ind2=" " tag="100"><subfield code="a">Weikard, Jurgen</subfield></datafield><datafield ind1=" " ind2=" " tag="245"><subfield code="a">Die funktion von cytochrom-b-563 und plastocyanin in der photosynthese. /dissert.</subfield></datafield><datafield ind1=" " ind2=" " tag="260"><subfield code="a">Berlin, Technische Univ., 1968, Ii+51p</subfield></datafield><datafield ind1=" " ind2=" " tag="852"><subfield code="a">29872</subfield></datafield></record></collection>